@Article{Duchi-Hazan-Singer-2011,
    Author        = {John Duchi and Elad Hazan and Yoram Singer},
    Journal       = {The Journal of Machine Learning Research},
    Pages         = {2121--2159},
    Publisher     = {JMLR},
    Title         = {Adaptive subgradient methods for online learning and stochastic optimization},
    Volume        = {12},
    Year          = {2011},
}

@Article{Freund-Schapire-1997,
    Author        = {Yoav Freund and Robert E. Schapire},
    Journal       = {Journal of computer and system sciences},
    Number        = {1},
    Pages         = {119--139},
    Publisher     = {Elsevier},
    Title         = {A decision-theoretic generalization of on-line learning and an application to boosting},
    Volume        = {55},
    Year          = {1997},
}

@Article{de-Rooij-van-Erven-Grunwald-Koolen-2014,
    Author        = {Steven de Rooij and Tim van Erven and Peter D. Gr{\"u}nwald and Wouter M. Koolen},
    Journal       = {The Journal of Machine Learning Research},
    Number        = {1},
    Pages         = {1281--1316},
    Publisher     = {JMLR},
    Title         = {Follow the Leader If You Can, Hedge If You Must},
    Volume        = {15},
    Year          = {2014},
}

@InProceedings{Chaudhuri-Freund-Hsu-2009,
    Author        = {Kamalika Chaudhuri and Yoav Freund and Daniel Hsu},
    Booktitle     = {Advances in Neural Information Processing Systems 22 (NIPS 2009), December 7-12, Vancouver, BC, Canada},
    Editor        = {Y. Bengio and D. Schuurmans and J. D. Lafferty and C. K. I. Williams and A. Culotta},
    Pages         = {297--305},
    Title         = {A Parameter-free Hedging Algorithm},
    Year          = {2009},
}

@InProceedings{Chernov-Vovk-2010,
    Author        = {Alexey Chernov and Vladimir Vovk},
    Booktitle     = {Proceedings of the 26th Conference on Uncertainty in Artificial Intelligence (UAI 2010), July 8-11, Catalina Island, California, USA},
    Editor        = {Peter Grünwald and Peter Spirtes},
    Publisher     = {AUAI Press},
    Title         = {Prediction with Advice of Unknown Number of Experts},
    Year          = {2010},
}

@InProceedings{Koolen-van-Erven-2015,
    Author        = {Wouter M. Koolen and Tim van Erven},
    Booktitle     = {Proceedings of The 28th Conference on Learning Theory (COLT 2015), July 3-6, Paris, France},
    Editor        = {Peter Grünwald and Elad Hazan and Satyen Kale},
    Pages         = {1155--1175},
    Title         = {Second-order Quantile Methods for Experts and Combinatorial Games},
    Year          = {2015},
}

@InProceedings{Luo-Schapire-2015,
    Author        = {Haipeng Luo and Robert E Schapire},
    Booktitle     = {Proceedings of The 28th Conference on Learning Theory},
    Editor        = {Peter Grünwald and Elad Hazan and Satyen Kale},
    Pages         = {1286--1304},
    Title         = {Achieving All with No Parameters: AdaNormalHedge},
    Year          = {2015},
}

@InProceedings{McMahan-Abernethy-2013,
    Author        = {H. Brendan McMahan and Jacob Abernethy},
    Booktitle     = {Advances in Neural Information Processing Systems 26 (NIPS 2013)},
    Editor        = {C. J. C. Burges and L. Bottou and M. Welling and Z. Ghahramani and K. Q. Weinberger},
    Pages         = {2724--2732},
    Title         = {Minimax optimal algorithms for unconstrained linear optimization},
    Year          = {2013},
}

@InProceedings{McMahan-Orabona-2014,
    Author        = {H. Brendan McMahan and Francesco Orabona},
    Booktitle     = {Proceedings of The 27th Conference on Learning Theory (COLT 2014), June 13-15, Barcelona, Spain},
    Editor        = {Vitaly Feldman and Csaba Szepesvári and Maria Florina Balcan},
    Pages         = {1020--1039},
    Title         = {Unconstrained Online Linear Learning in Hilbert Spaces: Minimax Algorithms and Normal Approximations},
    Year          = {2014},
}

@InProceedings{Orabona-2013,
    Author        = {Francesco Orabona},
    Booktitle     = {Advances in Neural Information Processing Systems 26 (NIPS 2013)},
    Editor        = {C. J. C. Burges and L. Bottou and M. Welling and Z. Ghahramani and K. Q. Weinberger},
    Pages         = {1806--1814},
    Title         = {Minimax optimal algorithms for unconstrained linear optimization},
    Year          = {2013},
}

@InProceedings{Orabona-Pal-2015,
    Author        = {Francesco Orabona and D\'avid P\'al},
    Booktitle     = {Proceedings of Algorithmic Learning Theory (ALT) 2015, Banff, AB, Canada, October 4-6},
    Editor        = {Kamalika Chaudhuri and Claudio Gentile},
    Organization  = {Springer},
    Pages         = {287--301},
    Title         = {Scale-Free Algorithms for Online Linear Optimization},
    Year          = {2015},
}

@Misc{Orabona-Pal-2016,
    Author        = {Francesco Orabona and D\'avid P\'al},
    Note          = {Submitted to Theoretical Computer Science, ALT 2015 Special Issue, arXiv:1601.01974},
    Title         = {Scale-Free Online Learning},
    Year          = {2016},
}
